<?xml version="1.0" encoding="UTF-8"?><record xmlns="http://www.loc.gov/MARC21/slim" xmlns:cinclude="http://apache.org/cocoon/include/1.0" xmlns:zs="http://www.loc.gov/zing/srw/">
  <leader>00528nz  a2200157n  4500</leader>
  <controlfield tag="001">no2006091078</controlfield>
  <controlfield tag="003">DLC</controlfield>
  <controlfield tag="005">20060830051810.0</controlfield>
  <controlfield tag="008">060821n| acannaabn          |a aaa      </controlfield>
  <datafield tag="010" ind1=" " ind2=" ">
    <subfield code="a">no2006091078</subfield>
  </datafield>
  <datafield tag="035" ind1=" " ind2=" ">
    <subfield code="a">(OCoLC)oca07036035</subfield>
  </datafield>
  <datafield tag="040" ind1=" " ind2=" ">
    <subfield code="a">Nz</subfield>
    <subfield code="b">eng</subfield>
    <subfield code="c">Nz</subfield>
  </datafield>
  <datafield tag="100" ind1="1" ind2=" ">
    <subfield code="a">Halkett, L. M.</subfield>
    <subfield code="q">(Lawrence Michael),</subfield>
    <subfield code="d">1949-</subfield>
  </datafield>
  <datafield tag="400" ind1="1" ind2=" ">
    <subfield code="a">Halkett, Lawrence Michael,</subfield>
    <subfield code="d">1949-</subfield>
  </datafield>
  <datafield tag="670" ind1=" " ind2=" ">
    <subfield code="a">Catlins State Forest Park management plan ... 1977</subfield>
    <subfield code="b">t.p. (L.M. Halkett)</subfield>
  </datafield>
  <datafield tag="670" ind1=" " ind2=" ">
    <subfield code="a">NZ files, Aug. 21, 2006</subfield>
    <subfield code="b">(hdg.: Halkett, L. M. (Lawrence Michael), 1949-)</subfield>
  </datafield>
</record>